@misc{ai-wikipedia,
  author={Wikipedia},
  title={K체nstliche Intelligenz},
  url={https://de.wikipedia.org/wiki/K%C3%BCnstliche_Intelligenz},
  urldate={2023-04-20},
  year={2023}
}

@online{clickworker.de,
  author={Clickworker},
  title={Wie K체nstliche Intelligenz Systeme trainiert werden},
  url={https://www.clickworker.de/kunden-blog/kuenstliche-intelligenz-systeme-trainieren/},
  urldate={2024-05-31},
  year={2024}
  }

@online{europarl.europa.eu,
  author={Europ채isches Parlament},
  title={Was ist k체nstliche Intelligenz und wie wird sie genutzt?},
  url={https://www.europarl.europa.eu/topics/de/article/20200827STO85804/was-ist-kunstliche-intelligenz-und-wie-wird-sie-genutzt},
  urldate={2024-05-31},
  year={2024}
}

@book{example,
  title={The Title of the Book},
  author={The Author},
  publisher={The Publisher},
  year={2017},
}